% Encoding: windows-1252


@Book{adobe2005pdf,
  Title                    = {PDF Reference: Adobe Portable Document Format, Version 1.7},
  Author                   = {Systems Adobe},
  Publisher                = {Peachpit Press},
  Year                     = {2006},
  ISBN                     = {9780321304742},
  Lccn                     = {2007310294},
  URL                      = {https://books.google.co.cr/books?id=aEEdAQAAMAAJ}
}

@Unpublished{Alex,
  Title                    = {Documentation of the Communication Protocol for the Laser Cutter},
  Author                   = {Alexander Marin Drobinoga},
  Year                     = {2015},
  URL                      = {https://wiki.arcoslab.eie.ucr.ac.cr/doku.php/internal:laser_cutter_protocol_documentation}
}

@Book{algorithms_cormen,
  Title                    = {Introduction to Algorithms},
  Author                   = {Cormen, T.H.},
  Publisher                = {MIT Press},
  Year                     = {2009},
  ISBN                     = {9780262033848},
  Lccn                     = {2009008593},
  URL                      = {https://books.google.co.cr/books?id=i-bUBQAAQBAJ}
}

@Book{astromhagglund2006,
  Title                    = {Advanced {PID} Control},
  Author                   = {K.J. {\AA}str{\"o}m and T. H{\"a}gglund},
  Publisher                = {ISA - The Instrumentation, Systems, and Automation Society},
  Year                     = {2006},
  Address                  = {Research Triangle Park, NC 27709, USA},
  Owner                    = {valfaro},
  Timestamp                = {2006.06.13}
}

@InProceedings{AyH2000,
  Title                    = {Benchmark {S}ystems for {PID} {C}ontrol},
  Author                   = {K .J. {\AA}str{\"o}m and T. H{\"a}gglund},
  Booktitle                = {IFAC Digital Control: Past, Present and Future of {PID} Control (PID'00)},
  Year                     = {2000},
  Owner                    = {Victor Alfaro},
  Timestamp                = {2010.03.10}
}

@Book{c++_malik,
  Title                    = {Data Structures Using C++},
  Author                   = {Malik, D.},
  Publisher                = {Cengage Learning},
  Year                     = {2009},
  ISBN                     = {9780324782011},
  URL                      = {https://books.google.co.cr/books?id=LAU-BKWYdFYC}
}

@Book{cnc_Basics,
  Title                    = {Cnc Programming Basics: A Primer for Skills/Vica Championships},
  Author                   = {Krar, S.F. and Gill, A.},
  Publisher                = {Industrial Press, Incorporated},
  Year                     = {1999},
  ISBN                     = {9780831131319},
  URL                      = {https://books.google.co.cr/books?id=UJfUAAAACAAJ}
}

@Book{cnc_Handbook,
  Title                    = {CNC Programming Handbook: A Comprehensive Guide to Practical CNC Programming},
  Author                   = {Smid, P.},
  Publisher                = {Industrial Press},
  Year                     = {2003},
  ISBN                     = {9780831131586},
  Lccn                     = {2003267638},
  URL                      = {https://books.google.co.cr/books?id=JNnQ8r5merMC}
}

@Book{Data_Structures_python,
  Title                    = {Data Structures and Algorithms in Python},
  Author                   = {Goodrich, M.T. and Tamassia, R. and Goldwasser, M.H.},
  Publisher                = {John Wiley \& Sons},
  Year                     = {2013},
  ISBN                     = {9781118476734},
  Lccn                     = {2013007908},
  URL                      = {https://books.google.co.cr/books?id=2UccAAAAQBAJ}
}

@Manual{fear2005,
  Title                    = {Publication quality tables in {\LaTeX}},
  Author                   = {Fear, S.},
  Organization             = {http://www.ctan.org/tex-archive/macros/latex/contrib/booktabs/},
  Year                     = {2005},
  Owner                    = {Victor Alfaro},
  Timestamp                = {2013.02.12}
}

@Book{foley_graphics_c,
  Title                    = {Computer Graphics: Principles and Practice},
  Author                   = {Hughes, J.F. and Van Dam, A. and Foley, J.D. and Feiner, S.K.},
  Publisher                = {Addison-Wesley},
  Year                     = {1996},
  Edition                  = {2},
  Series                   = {Addison-Wesley systems programming series},
  ISBN                     = {9780201848403},
  Lccn                     = {lc95013631},
  URL                      = {https://books.google.co.cr/books?id=-4ngT05gmAQC}
}

@Book{graphics_hughes,
  Title                    = {Computer Graphics: Principles and Practice},
  Author                   = {Hughes, J.F. and Van Dam, A. and Foley, J.D. and Feiner, S.K.},
  Publisher                = {Addison-Wesley},
  Year                     = {2013},
  Edition                  = {3},
  Series                   = {The systems programming series},
  ISBN                     = {9780321399526},
  Lccn                     = {2012045569},
  URL                      = {https://books.google.co.cr/books?id=OVpsAQAAQBAJ}
}

@Book{latexcomp,
  Title                    = {The {\LaTeX} Companion},
  Author                   = {Mittelbach, F. and Goossens, M. and Braams, J. and Carlisle, D. and Rowley, C.},
  Publisher                = {Addison-Wesley/Pearson Education, Inc, Boston, MA, EE.UU.},
  Year                     = {2004},
  Edition                  = {2da.},
  Owner                    = {victor},
  Timestamp                = {2013.02.05}
}

@Book{matlab_moler,
  Title                    = {Numerical Computing with MATLAB: Revised Reprint},
  Author                   = {Moler, C.B.},
  Publisher                = {Society for Industrial and Applied Mathematics},
  Year                     = {2010},
  ISBN                     = {9780898716603},
  Lccn                     = {2004045360},
  URL                      = {https://books.google.co.cr/books?id=\_Cad7uaYcloC}
}

@Manual{memoir2011,
  Title                    = {The Memoir Class for Configurable Typesetting},
  Address                  = {http://www.ctan.org/pkg/memoir},
  Author                   = {Wilson, P. R. and Madsen, L.},
  Year                     = {2011},
  Owner                    = {victor},
  Publisher                = {The Herris Press, Normandy Park, WA, EE.UU.},
  Timestamp                = {2013.02.05}
}

@Manual{nie2003,
  Title                    = {The \texttt{sidecap} pakage},
  Author                   = {Niepraschk, R. and Gäßlein, H.},
  Organization             = {http://www.ctan.org/tex-archive/macros/latex/contrib/sidecap},
  Year                     = {2003},
  Owner                    = {Victor Alfaro},
  Timestamp                = {2013.02.12}
}

@Manual{nsces,
  Title                    = {La introducción no tan corta a {\LaTeX} $2{\epsilon}$},
  Address                  = {http://www.ctan.org/tex-archive/info/lshort/spanish},
  Author                   = {Oetiker, T. and Partl, H and Hyna, I and Schlegi, E.},
  Month                    = {Febrero},
  Year                     = {2010},
  Owner                    = {Victor Alfaro},
  Timestamp                = {2013.02.06}
}

@Book{oppenheim1998,
  Title                    = {Signals and Systems},
  Author                   = {Oppenheim, A.V. and Willsky, A.S. and Nawab, S.H.},
  Publisher                = {Prentice Hall},
  Year                     = {1997},
  Series                   = {Prentice-Hall signal processing series},
  ISBN                     = {9780136511755},
  Lccn                     = {96019945},
  URL                      = {https://books.google.co.cr/books?id=O9ZHSAAACAAJ}
}

@Article{RoboticsAge,
  Title                    = {XY Interpolation Algorithms},
  Author                   = {Kenneth Goldberg and Melvin Goldberg},
  Journal                  = {Robotics Age},
  Year                     = {1983},
  Month                    = {May/June},
  Pages                    = {22-25}
}

@Standard{RTCR443-2010,
  Title                    = {{Reglamento Técnico RTCR443-2010, Metrología, Unidades de Madidas, Sistema Internacional (SI)}},
  Institution              = {Costa Rica},
  Organization             = {Ministerio de Economía, Industria y Comercio},
  Author                   = {MEIC},
  Note                     = {Ministerio de Economía, Industria y Comercio, San José, Costa Rica},
  Year                     = {2010},
  Owner                    = {Victor Alfaro},
  Timestamp                = {2013.02.21}
}

@TechReport{stepper,
  Title                    = {Quick Start for Beginners to Drive a Stepper Motor},
  Author                   = {Grant, M.},
  Institution              = {Freescale Semiconductor},
  Year                     = {2005},
  Publisher                = {Freescale Semiconductor},
  URL                      = {http://www.freescale.com/files/microcontrollers/doc/app_note/AN2974.pdf}
}

@Book{tanenbaum2011Redes,
  Title                    = {Redes De Computadoras},
  Author                   = {Tanenbaum, A.S. and Wetherall, D.},
  Publisher                = {Pearson Prentice Hall},
  Year                     = {2011},
  Edition                  = {5},
  ISBN                     = {9780132126953},
  Lccn                     = {2010034366},
  URL                      = {https://books.google.co.cr/books?id=I764bwAACAAJ}
}

@Manual{vmaeieproyman,
  Title                    = {Manual de usuario de la clase \texttt{eieproyecto} - {IE-0499} Proyecto eléctrico},
  Author                   = {Alfaro, V. M.},
  Month                    = {febrero},
  Organization             = {Escuela de Ingeniería Eléctrica, Universidad de Costa Rica},
  Year                     = {2013},
  Owner                    = {Victor Alfaro},
  Timestamp                = {2013.02.12}
}

